+-----------------------------------------------------------------------
| Artykuły dotyczące stereowizji
+-----------------------------------------------------------------------

@inproceedings { konolige-icra-2010-a,
	title = {Projected Texture Stereo},
	booktitle = {ICRA},
	year = {2010},
	author = {Kurt Konolige}
}

@inproceedings{ outdoor-stereo,
	author = {Kurt Konolige and Motilal Agrawal and Robert C. Bolles and Cregg Cowan and Martin A. Fischler and Brian P. Gerkey},
	title = {Outdoor Mapping and Navigation Using Stereo Vision},
	booktitle = {International Symposium on Experimental Robotics},
	year = {2006},
	pages = {179--190},
	doi = {10.1007/978-3-540-77457-0_17},
	masid = {3538952}
}

@MastersThesis{piorkowski2008,
	author = {Dominik Tadeusz Piórkowski},
	title = {Wykorzystanie stereowizji do wykrywania przeszkód przez robota mobilnego},
	school = {Politechnika Warszawska, Instytut Sterowania i Elektroniki Przemysłowej},
	year = {2008},
}

@INPROCEEDINGS{4670774,
    author={Tangfei Tao and Ja Choon Koo and Hyouk Ryeol Choi},
    booktitle={Cybernetics and Intelligent Systems, 2008 IEEE Conference on}, 
    title={A fast block matching algorthim for stereo correspondence},
    year={2008},
    pages={38--41},
    keywords={computer vision;fast block matching;stereo correspondence;sum of absolute difference;computer vision;image matching;stereo image processing;},
    doi={10.1109/ICCIS.2008.4670774},
}

@article{Hirschmuller:2008:SPS:1340087.1340245,
	author = {Hirschmuller, Heiko},
	title = {Stereo Processing by Semiglobal Matching and Mutual Information},
	journal = {IEEE Trans. Pattern Anal. Mach. Intell.},
	month = {II},
	year = {2008},
	issn = {0162-8828},
	pages = {328--341},
	numpages = {14},
	url = {http://portal.acm.org/citation.cfm?id=1340087.1340245},
	doi = {10.1109/TPAMI.2007.1166},
	acmid = {1340245},
	publisher = {IEEE Computer Society},
	address = {Washington, DC, USA},
	keywords = {stereo, mutual information, global optimization, multi-baseline}
}

+-----------------------------------------------------------------------
| Artykuły dotyczące światła strukturalnego
+-----------------------------------------------------------------------

@ARTICLE{4429304,
	author={Chen, S.Y. and Li, Y.F. and Jianwei Zhang},
	journal={Image Processing, IEEE Transactions on}, 
	title={Vision Processing for Realtime {3D} Data Acquisition Based on Coded Structured Light},
	year={2008},
	month={feb. },
	volume={17},
	number={2},
	pages={167 -176},
	keywords={3D measurement;3D reconstruction;3D surface data;code sequence;coded structured light;color matrix;color projection;color projector;computer vision;dynamic scene;light codes;light grid;realtime 3D data acquisition;specially coded vision system;state transitions;structured light vision systems;uniquely color-encoded pattern projection;vision processing;vision sensor;data acquisition;image sequences;stereo image processing;Algorithms;Artificial Intelligence;Color;Colorimetry;Computer Systems;Image Enhancement;Image Interpretation, Computer-Assisted;Imaging, Three-Dimensional;Lighting;Pattern Recognition, Automated;Reproducibility of Results;Sensitivity and Specificity;},
	doi={10.1109/TIP.2007.914755},
	ISSN={1057-7149}
}

@INPROCEEDINGS{1588327,
	author={Ribo, M. and Brandner, M.},
	booktitle={Robotic Sensors: Robotic and Sensor Environments, 2005. International Workshop on}, 
	title={State of the art on vision-based structured light systems for {3D} measurements},
	year={2005},
	month={30 2005-oct. 1},
	pages={2 -6},
	keywords={3D measurements;active stereo systems;calibration methods;camera;light projector;noncontact measurement systems;vision-based structured light systems;active vision;calibration;measurement by laser beam;stereo image processing;video cameras;},
	doi={10.1109/ROSE.2005.1588327},
}

@inproceedings{LanmanCT07,
	author = {Douglas Lanman and Daniel E. Crispell and Gabriel Taubin},
	booktitle = {3DIM},
	interhash = {167aeb0639a978ccd097272ae595e057},
	intrahash = {00792d629f7c4a124802c16930f7971a},
	pages = {107-116},
	publisher = {IEEE Computer Society},
	title = {Surround Structured Lighting for Full Object Scanning.},
	url = {http://dblp.uni-trier.de/db/conf/3dim/3dim2007.html#LanmanCT07},
	year = 2007,
	timestamp = {2009-12-14T00:00:00.000+0100},
	keywords = {dblp},
	ee = {http://dx.doi.org/10.1109/3DIM.2007.57},
	added-at = {2009-12-14T00:00:00.000+0100},
	description = {dblp},
	isbn = {0-7695-2939-9},
	biburl = {http://www.bibsonomy.org/bibtex/200792d629f7c4a124802c16930f7971a/dblp},
	date = {2009-12-14}
}

@INPROCEEDINGS{5246792, 
	author={Boyu Wei and Ying Fan and Baoquan Gao}, 
	booktitle={Mechatronics and Automation, 2009. ICMA 2009. International Conference on}, 
	title={Mobile robot vision system based on linear structured light and {DSP}}, 
	year={2009}, 
	month={aug.}, 
	pages={1285 -1290}, 
	keywords={CMOS camera;DSP TMS320DM642;DSP based image processor;coordinates establishing method;linear structured light generator;mobile robot vision system;CMOS image sensors;digital signal processing chips;image processing equipment;mobile robots;robot vision;}, 
	doi={10.1109/ICMA.2009.5246792}, 
}

@ARTICLE{120445,
	author={Evans, J. and Krishnamurthy, B. and Barrows, B. and Skewis, T. and Lumelsky, V.},
	journal={Control Systems, IEEE},
	title={Handling real-world motion planning: a hospital transport robot},
	year={1992},
	month={feb},
	volume={12},
	number={1},
	pages={15 -19},
	keywords={HelpMate;delivery systems;hospital hallway environment;hospital transport robot;mobile robot;moving obstacles;navigation system;off-schedule meal trays;patient records;pharmacy supplies;position estimation;real-world motion planning;sensor inaccuracy;sensor noise;sensor-based motion planning algorithms;biomedical engineering;mobile robots;},
	doi={10.1109/37.120445},
	ISSN={1066-033X}
}

+-----------------------------------------------------------------------
| Obrazowanie przy użyciu lasera
+-----------------------------------------------------------------------

@ARTICLE{Surmann01a3d,
    author = {Hartmut Surmann and Kai Lingemann and Andreas Nüchter and Joachim Hertzberg},
    title = {A {3D} laser range finder for autonomous mobile robots},
    journal = {32nd International Symposium on Robotics},
    year = {2001},
    pages = {153--158},
    month = {april}
}

@INPROCEEDINGS{4543181,
    author={Censi, A.},
    booktitle={Robotics and Automation, 2008. ICRA 2008. IEEE International Conference on},
    title={An {ICP} variant using a point-to-line metric},
    year={2008},
    month={may},
    pages={19 -25},
    keywords={algorithmic optimization;finite number;iterative closest-corresponding point variant;iterative dual correspondences;point-to-line metric;iterative methods;optimisation;robots;},
    doi={10.1109/ROBOT.2008.4543181},
    ISSN={1050-4729}
}

@INPROCEEDINGS{1545181,
    author={Diosi, A. and Kleeman, L.},
    booktitle={Intelligent Robots and Systems, 2005. (IROS 2005). 2005 IEEE/RSJ International Conference on},
    title={Laser scan matching in polar coordinates with application to {SLAM}},
    year={2005},
    month={aug.},
    pages={ 3317 - 3322},
    keywords={ 2D laser scan matching; Kalman filter; SLAM; mapping; polar scan matching; simultaneous localization; Kalman filters; image matching; path planning;},
    doi={10.1109/IROS.2005.1545181}
}

+-----------------------------------------------------------------------
| Kamery TOF
+-----------------------------------------------------------------------

@ARTICLE{910448,
	author={Lange, R. and Seitz, P.},
	journal={Quantum Electronics, IEEE Journal of}, 
	title={Solid-state time-of-flight range camera},
	year={2001},
	month={mar},
	volume={37},
	number={3},
	pages={390 -397},
	keywords={10 m;2D array;3D sequences;TOF range camera;charge-coupled device principle;demodulated radiation;detected background radiation;detected radiation;illumination power;laboratory scenes;lock-in pixels;modulated near-infrared radiation;modulated visible radiation;modulation amplitude;noncooperative diffusely reflecting objects;observed results;radiation amplitude;radiation offset;radiation phase;range resolution;real-time range camera;received radiation;solid-state time-of-flight range camera;square root;theory;time-of-flight principle;CCD image sensors;CMOS image sensors;cameras;distance measurement;optical arrays;optical modulation;real-time systems;},
	doi={10.1109/3.910448},
	ISSN={0018-9197}
}

@article{Prusak:2008:PEM:1462089.1462102,
	author = {Prusak, A. and Melnychuk, O. and Roth, H. and Schiller, I. and Koch, R.},
	title = {Pose estimation and map building with a {Time-Of-Flight-camera} for robot navigation},
	journal = {Int. J. Intell. Syst. Technol. Appl.},
	volume = {5},
	issue = {3/4},
	month = {November},
	year = {2008},
	issn = {1740-8865},
	pages = {355--364},
	numpages = {10},
	url = {http://portal.acm.org/citation.cfm?id=1462089.1462102},
	doi = {10.1504/IJISTA.2008.021298},
	acmid = {1462102},
	publisher = {Inderscience Publishers},
	address = {Inderscience Publishers, Geneva, SWITZERLAND},
	keywords = {3D maps, PMD camera, SLAM, SfM, TOF camera, collision avoidance, flight, localisation, map building, mapping, model tracking, motion, photonic mixer device, pose estimation, robot navigation, robot vision, self\&\#45;localisation, structure\&\#45;from\&\#45;, time\&\#45;of\&\#45;},
}

@ARTICLE{swissranger,
	author = {Thierry Oggier and Michael Lehmann and Rolf Kaufmann and Matthias Schweizer and Michael Richter},
	title = {An all-solid-state optical range camera for {3D} real-time imaging with sub-centimeter depth resolution (SwissRangerTM)},
	journal = {Society of Photo-Optical Instrumentation Engineers (SPIE) Conference Series},
	masid = {5636339},
	month = {feb.},
	year = {2004},
	pages = {534--545},
	volume = {5249}
}

+-----------------------------------------------------------------------
| Artykuły dotyczące zastosowania różnych sensorów w robotyce
+-----------------------------------------------------------------------

@INPROCEEDINGS{doppler_underwater, 
	author={Whitcomb, L. and Yoerger, D. and Singh, H.}, 
	booktitle={Robotics and Automation, 1999. Proceedings. 1999 IEEE International Conference on}, title={Advances in Doppler-based navigation of underwater robotic vehicles }, 
	year={1999}, 
	month={}, 
	volume={1}, 
	number={}, 
	pages={399 -406 vol.1}, 
	keywords={Doppler bottom-track precision;Doppler-based navigation;Guaymas Basin;Gulf of California;acoustic time-of-flight navigation systems;bottom-lock Doppler sonars;heading-sensor errors;hydrothermal vents;low-precision magnetic heading sensor;minimally invasive object recovery;ring-laser gyroscope;underwater robotic vehicles;Doppler measurement;closed loop systems;mobile robots;navigation;position control;position measurement;sonar;underwater vehicles;}, 
	doi={10.1109/ROBOT.1999.770011}, 
	ISSN={}
}

@MISC{doppler_mobilesensor,
    author = {Isaac Amundson and Xenofon Koutsoukos and Janos Sallai},
    title = {{Mobile Sensor Localization and Navigation using RF Doppler Shifts}},
    year = {}
}

@INPROCEEDINGS{vodom_mono, 
	author={ Campbell, J. and Sukthankar, R. and Nourbakhsh, I. and Pahwa, A.}, 
	booktitle={Robotics and Automation, 2005. ICRA 2005. Proceedings of the 2005 IEEE International Conference on}, title={A Robust Visual Odometry and Precipice Detection System Using Consumer-grade Monocular Vision}, 
	year={2005}, 
	month={april}, 
	volume={}, 
	number={}, 
	pages={ 3421 - 3427}, 
	keywords={ mobile robot vision ; mobile robotics ; odometry; optical flow ;}, 
	doi={10.1109/ROBOT.2005.1570639}, 
	ISSN={}
}

@INPROCEEDINGS{vodom_stereo, 
	author={Nister, D. and Naroditsky, O. and Bergen, J.}, 
	booktitle={Computer Vision and Pattern Recognition, 2004. CVPR 2004. Proceedings of the 2004 IEEE Computer Society Conference on}, title={Visual odometry}, 
	year={2004}, 
	month={june-2 july}, 
	volume={1}, 
	number={}, 
	pages={ I-652 - I-659 Vol.1}, 
	keywords={ aerial platforms; automotive platforms; autonomous ground vehicle; camera motion; camera trajectories; feature tracker; geometric hypothesize-and-test architecture; global positioning system; handheld platforms; image trajectories; inertial navigation; motion estimation; pose estimation method; robust estimation; single moving camera; stereo head; video rate; visual odometry; image matching; motion estimation; navigation; vehicles; video cameras; video signal processing;}, 
	doi={10.1109/CVPR.2004.1315094}, 
	ISSN={1063-6919 }
}

@INPROCEEDINGS{vslam, 
	author={ Karlsson, N. and di Bernardo, E. and Ostrowski, J. and Goncalves, L. and Pirjanian, P. and Munich, M.E.}, 
	booktitle={Robotics and Automation, 2005. ICRA 2005. Proceedings of the 2005 IEEE International Conference on}, title={The vSLAM Algorithm for Robust Localization and Mapping}, 
	year={2005}, 
	month={april}, 
	volume={}, 
	number={}, 
	pages={ 24 - 29}, 
	keywords={ Kalman filter ; Mixed proposal distribution; Particle filter ; SLAM ; vision ;}, 
	doi={10.1109/ROBOT.2005.1570091}, 
	ISSN={}
}

+-----------------------------------------------------------------------
| Publikacje dotyczące oprogramowania per-se
+-----------------------------------------------------------------------

@inproceedings { 288,
	title = {{ROS}: an open-source Robot Operating System},
	booktitle = {ICRA Workshop on Open Source Software},
	year = {2009},
	author = {Morgan Quigley and Ken Conley and Brian P. Gerkey and Josh Faust and Tully Foote and Jeremy Leibs and Rob Wheeler and Andrew Y. Ng}
}

@inproceedings{gerkey03playerstage,
	address = {Coimbra, Portugal},
	author = {B. Gerkey and R. Vaughan and A. Howard},
	booktitle = {11th International Conference on Advanced Robotics (ICAR 2003)},
	interhash = {bb35c7c38157f08225b4cdf8f533db76},
	intrahash = {b80808d019594f538b3d23d376cb7f16},
	title = {The {Player/Stage} Project: Tools for Multi-Robot and Distributed Sensor Systems},
	url = {citeseer.ist.psu.edu/gerkey03playerstage.html},
	year = 2003,
	timestamp = {2008-07-21T11:29:45.000+0200},
	text = {B. Gerkey, R.T. Vaughan, and A. Howard, The Player/Stage Project: Tools for Multi-Robot and Distributed Sensor Systems, 11 th Int. Conf. on Advanced Robotics (ICAR 2003), Coimbra, Portugal, 30 June -- 3 July, 2003.},
	keywords = {architecture control middleware player robotic stage},
	added-at = {2008-07-21T11:29:45.000+0200},
	biburl = {http://www.bibsonomy.org/bibtex/2b80808d019594f538b3d23d376cb7f16/phbaer},
	month = jun
}

+-----------------------------------------------------------------------
| Publikacje dotyczące wykorzystanego sprzętu
+-----------------------------------------------------------------------

@INCOLLECTION{SzynkiewiczEtal06,
	AUTHOR = {W. Szynkiewicz and R. Chojecki and A. Rydzewski and M. Majchrowski and P. Trojanek},
	TITLE = {Modułowy robot mobilny {Elektron}},
	BOOKTITLE = {Postępy Robotyki: Sterowanie, percepcja i komunikacja},
	PUBLISHER = {Wydawnictwa Komunikacji i~Łączności},
	YEAR = {Warszawa, 2006},
	EDITOR = {K. Tchoń},
	VOLUME = {1},
	PAGES = {265--274},
	LANG = {pl},
	TWIKI = {article},
	URL = {http://home.elka.pw.edu.pl/~mmajchro/kkr9/Electron.pdf}
}

@article{Giles201022,
	title = {Inside the race to hack the {Kinect}},
	journal = "The New Scientist",
	volume = "208",
	number = "2789",
	pages = "22--23",
	year = "2010",
	issn = "0262-4079",
	doi = "DOI: 10.1016/S0262-4079(10)62989-2",
	url = "http://www.sciencedirect.com/science/article/pii/S0262407910629892",
	author = "Jim Giles"
}

+-----------------------------------------------------------------------
| Materiały dotyczące nawigacji
+-----------------------------------------------------------------------
@misc{openslam,
  title = {{OpenSLAM}},
  howpublished = "\url{http://www.openslam.org/}",
  year = {2011}, 
  note = "[dostęp 18 sierpnia 2011r.]"
}



+-----------------------------------------------------------------------
| Książki zawierające "wiedzę ogólną z dziedziny"
+-----------------------------------------------------------------------

@Book{whereami,
	author = {J. Borenstein and H. R. Everett and L. Feng},
	title = {{Where am I? sensors and methods for mobile robot positioning}},
	year = {1996},
	publisher = {University of Michigan}
}

@book{siegwart,
	author = {Siegwart, Roland and Nourbakhsh, Illah R.},
	title = {{Introduction to Autonomous Mobile Robots}},
	year = {2004},
	isbn = {026219502X},
	publisher = {Bradford Company},
	address = {Scituate, MA, USA},
} 

@book{Thrun:2005:PR:1121596,
	author = {Thrun, Sebastian and Burgard, Wolfram and Fox, Dieter},
	title = {Probabilistic Robotics (Intelligent Robotics and Autonomous Agents)},
	year = {2005},
	isbn = {0262201623},
	publisher = {The MIT Press},
}

+-----------------------------------------------------------------------
| Wykłady
+-----------------------------------------------------------------------

@article{szynkiewiczWR,
	title = {Skrypt do wykładów z przedmiotu {,,Wstęp do robotyki''}},
	author = {Wojciech Szynkiewicz}
}

