@inproceedings { konolige-icra-2010-a,
	title = {Projected Texture Stereo},
	booktitle = {ICRA},
	year = {2010},
	keywords = {},
	author = {Kurt Konolige}
}









@TECHREPORT{Kor:FraDIA08,
  author = {Kornuta, Tomasz},
  title = {{FraDIA -- Zadaniowo zorientowana struktura ramowa do analizy i~przetwarzania obrazów}},
  institution = {IAiIS},
  year = {2008},
  number = {08-08},
  address = {Warszawa},
  month = {Lipiec},
  grant = {GrantMNiSWN514128733},
  lang = {pl},
  organization = {IAiIS},
  owner = {tkornuta},
  publisher = {IAiIS},
  timestamp = {2008.09.15}
}

@MASTERSTHESIS{Szymczak:2009:inz,
  author = {Michał Szymczak},
  title = {{Mechanizm akwizycji obrazu w~strukturze ramowej FraDIA}},
  school = {WEiTI},
  year = {2009},
  lang = {pl},
  organization = {IAiIS},
  owner = {tkornuta},
  place = {Warsaw},
  publisher = {IAiIS},
  timestamp = {2009.11.16},
  type = {Praca dyplomowa inżynierska}
}

@MASTERSTHESIS{Pruchniak10,
  AUTHOR = {Mateusz Pruchniak},
  TITLE = {{Wykorzystanie GPU w algorytmach przetwarzania obrazów}},
  SCHOOL = {WEiTI},
  YEAR = {2010},
  LANG = {pl},
  ORGANIZATION = {IAiIS},
  OWNER = {tkornuta},
  PUBLISHER = {IAiIS},
  TIMESTAMP = {2010.07.08},
  TWIKI = {thesis},
  URL = {https://segomo.elka.pw.edu.pl/twiki/pub/Publications/WebHome/2010_MateuszPruchniakBSc.pdf}
}

@BOOK{Alexandrescu:Design,
  author = {Alexandrescu, Andrei},
  title = {Nowoczesne projektowanie w~C++},
  year = {2005},
  isbn = {8320430526},
  publisher = {WNT},
  address = {Warszawa},
}

@BOOK{Tadeusiewicz1992,
  author = {Tadeusiewicz, Ryszard},
  title = {Systemy wizyjne robotów przemysłowych},
  year = {1992},
  publisher = {WNT},
  address = {Warszawa},
}

@BOOK{Boost,
  author = {Karlsson, Bjorn},
  title = {Więcej niż C++. Wprowadzenie do bibliotek Boost.},
  year = {2006},
  publisher = {Helion},
  address = {Gliwice},
}

@BOOK{POSA1,
  author = {Buschmann, Frank and Meunier, Regine and Rohnert, Hans and Sommerlad, Peter and Stal, Michael},
  publisher = {Wiley},
  address = {Chichester, UK},
  title = {Pattern-Oriented Software Architecture Volume 1: A System of Patterns},
  year = {1996}
}



@BOOK{POSA4,
  author = {Buschmann, Frank and Henney, Kevlin and Schmidt, Douglas C.},
  publisher = {Wiley},
  address = {Chichester, UK},
  title = {Pattern-Oriented Software Architecture, Volume~4: A~Pattern Language for Distributed Computing},
  year = 2007
}

@BOOK{Bass:Architecture,
  address = {Warszawa},
  author = {Len Bass and Paul Clements and Rick Kazman},
  publisher = {WNT},
  title = {Architektura oprogramowania w praktyce},
  year = 2006,
}

@misc{ wiki:Komponent,
  title = "{Komponent (informatyka)} [online]. Wikipedia : wolna encyklopedia",
  year = "2010-08-05 22:23Z",
  note = "[dostęp: 2010-08-09 11:54Z]. Dostępny w Internecie: \url{http://pl.wikipedia.org/wiki/Komponent_(informatyka)?oldid=22703715}",
}

@BOOK{Szyperski:OprogramowanieKomponentowe,
  author = {Szyperski, Clemens},
  title = {Oprogramowanie komponentowe},
  address = {Warszawa},
  publisher = {WNT},
  year = 2001,
}

@article{10.1109/ICVS.2006.18,
  author = {Frank Lomker and Sebastian Wrede and Marc Hanheide and Jannik Fritsch},
  title = {Building Modular Vision Systems with a Graphical Plugin Environment},
  journal = {Computer Vision Systems, International Conference on},
  year = {2006},
  publisher = {IEEE Computer Society},
  address = {Los Alamitos, CA, USA},
}

@article{Corke05f,
  author = {P.I. Corke},
  journal = {IEEE Robotics and Automation Magazine},
  title = {Machine Vision Toolbox},
  month = nov,
  volume = {12},
  number = {4},
  year = {2005},
  pages = {16-25}
}

@INPROCEEDINGS{BemEtal10,
  AUTHOR = {Tomasz Bem and Tomasz Kornuta and Tomasz Winiarski},
  TITLE = {{Zastosowanie wizyjnej struktury ramowej FraDIA w
                  aplikacjach robotycznych. Część II: Aplikacje}},
  BOOKTITLE = {XI Krajowa Konferencja Robotyki},
  YEAR = {2010},
  OWNER = {tkornuta},
  TIMESTAMP = {2010.03.28}
}
@INPROCEEDINGS{Kornuta10,
  AUTHOR = {Tomasz Kornuta},
  TITLE = {{Zastosowanie wizyjnej struktury ramowej FraDIA w
                  aplikacjach robotycznych. Część I: Struktura}},
  BOOKTITLE = {XI Krajowa Konferencja Robotyki},
  YEAR = {2010},
  OWNER = {tkornuta},
  TIMESTAMP = {2010.03.28}
}
@INPROCEEDINGS{Kornuta10b,
  AUTHOR = {Tomasz Kornuta},
  TITLE = {Application of the {FraDIA} vision framework for robotic
                  purposes},
  BOOKTITLE = {International Conference on Computer Vision and Graphics},
  YEAR = {2010},
  OWNER = {tkornuta},
  TIMESTAMP = {2010.05.14}
}
@INPROCEEDINGS{KornutaPruchniak10,
  AUTHOR = {Tomasz Kornuta and Mateusz Pruchniak},
  TITLE = {Utilization of {GPU} for real--time vision in robotics},
  BOOKTITLE = {Signal Processing: Algorithms, Architectures, Arrangements,
                  and Applications},
  YEAR = {2010},
  OWNER = {tkornuta},
  TIMESTAMP = {2010.08.19}
}
